%% This BibTeX bibliography file was created using BibDesk.
%% http://bibdesk.sourceforge.net/

%% Created for scu at 2016-01-26 07:56:45 +0100 


%% Saved with string encoding Unicode (UTF-8) 



@url{4,
	Author = {TAMPERE UNIVERSITY OF TECHNOLOGY},
	Date-Added = {2016-01-26 06:54:27 +0000},
	Date-Modified = {2016-01-26 06:56:39 +0000},
	Title = {Image and video denoising by sparse 3D transform-domain collaborative filtering},
	Url = {http://www.cs.tut.fi/~foi/GCF-BM3D/}}

@url{3,
	Author = {Wikip{\'e}dia},
	Date-Added = {2016-01-26 06:50:04 +0000},
	Date-Modified = {2016-01-26 06:51:54 +0000},
	Title = {Transform{\'e}e de Hadamard},
	Url = {https://fr.wikipedia.org/wiki/Transform%C3%A9e_de_Hadamard}}

@url{2,
	Author = {Marc Lebrun},
	Date-Added = {2016-01-26 06:46:13 +0000},
	Date-Modified = {2016-01-26 06:52:09 +0000},
	Title = {An Analysis and Implementation of the BM3D Image Denoising Method},
	Url = {http://dx.doi.org/10.5201/ipol.2012.l-bm3d},
	Year = {2012}}

@url{1,
	Author = {K. Dabov, A. Foi, V. Katkovnik, and K. Egiazising },
	Date-Added = {2016-01-25 19:19:13 +0000},
	Date-Modified = {2016-01-26 06:52:00 +0000},
	Journal = {IEEE Trans. Image Process.},
	Title = {Image denoising by sparse 3D transform-domain collaborative filtering},
	Url = {http://www.cs.tut.fi/~foi/GCF-BM3D/BM3D_TIP_2007.pdf},
	Volume = {16},
	Year = {August 2007}}
